<record><leader>00000cas a2200000 a 4500</leader><controlfield tag="001">10246720</controlfield><controlfield tag="008">831222d18641928paudn ne      0   a0eng c</controlfield><datafield ind1=" " ind2=" " tag="010"><subfield code="a">sn 83032300 </subfield><subfield code="z">sn 88084037 </subfield><subfield code="z">sn 86053671 </subfield></datafield><datafield ind1=" " ind2=" " tag="040"><subfield code="a">NPU</subfield><subfield code="b">eng</subfield><subfield code="c">NPU</subfield><subfield code="d">NPY</subfield><subfield code="d">NPT</subfield><subfield code="d">NPH</subfield><subfield code="d">NPX</subfield><subfield code="d">NPH</subfield><subfield code="d">CNK</subfield><subfield code="d">NVK</subfield><subfield code="d">DCN</subfield><subfield code="d">OCL</subfield><subfield code="d">DLC</subfield><subfield code="d">UPM</subfield><subfield code="d">DLC</subfield><subfield code="d">OCLCQ</subfield><subfield code="d">OCLCF</subfield></datafield><datafield ind1=" " ind2=" " tag="012"><subfield code="l">a</subfield></datafield><datafield ind1=" " ind2=" " tag="019"><subfield code="a">14183730</subfield><subfield code="a">18333729</subfield><subfield code="a">192110751</subfield></datafield><datafield ind1="1" ind2=" " tag="022"><subfield code="a">2158-2688</subfield><subfield code="2">1</subfield></datafield><datafield ind1="1" ind2=" " tag="029"><subfield code="a">AU@</subfield><subfield code="b">000025806077</subfield></datafield><datafield ind1=" " ind2=" " tag="042"><subfield code="a">pcc</subfield><subfield code="a">nsdp</subfield></datafield><datafield ind1=" " ind2=" " tag="043"><subfield code="a">n-us-pa</subfield></datafield><datafield ind1="0" ind2="0" tag="050"><subfield code="a">Newspaper</subfield></datafield><datafield ind1=" " ind2="0" tag="222"><subfield code="a">Lancaster daily intelligencer</subfield></datafield><datafield ind1="0" ind2="0" tag="245"><subfield code="a">Lancaster daily intelligencer.</subfield></datafield><datafield ind1="3" ind2="0" tag="246"><subfield code="a">Lancaster intelligencer</subfield></datafield><datafield ind1="3" ind2="0" tag="246"><subfield code="a">Daily intelligencer</subfield></datafield><datafield ind1="1" ind2=" " tag="246"><subfield code="i">Per Texas Newspaper Project, issue for Aug. 21, 1866 has title:</subfield><subfield code="a">Daily Lancaster intelligencer</subfield></datafield><datafield ind1=" " ind2=" " tag="260"><subfield code="a">Lancaster, Pa. :</subfield><subfield code="b">Cooper, Sanderson &amp; Co.,</subfield><subfield code="c">1864-1928.</subfield></datafield><datafield ind1=" " ind2=" " tag="300"><subfield code="a">v. ;</subfield><subfield code="c">58 cm.</subfield></datafield><datafield ind1=" " ind2=" " tag="310"><subfield code="a">Daily (except Sun.),</subfield><subfield code="b">Jan. 1, 1881-</subfield></datafield><datafield ind1=" " ind2=" " tag="321"><subfield code="a">Daily (except Sat. and Sun.),</subfield><subfield code="b">Jan. 1, 1880-Dec. 31</subfield></datafield><datafield ind1=" " ind2=" " tag="321"><subfield code="a">Daily (except Sun.),</subfield><subfield code="b">Aug. 29, 1864-Dec. 31, 1879</subfield></datafield><datafield ind1="0" ind2=" " tag="362"><subfield code="a">Vol. 1, no. 1 (Aug. 29, 1864)-v. 64, no. 193 (Apr. 14, 1928).</subfield></datafield><datafield ind1=" " ind2=" " tag="500"><subfield code="a">"Daily" appears within title ornament in small type, &lt;1868, 1873-1876&gt;.</subfield></datafield><datafield ind1=" " ind2=" " tag="500"><subfield code="a">Publisher varies: H.G. Smith &amp; Co., &lt;1873&gt;; Steinman &amp; Hensel, &lt;1876&gt;</subfield></datafield><datafield ind1=" " ind2=" " tag="500"><subfield code="a">Numerous editions available.</subfield></datafield><datafield ind1=" " ind2=" " tag="500"><subfield code="a">"Democratic," &lt;1864-1868&gt;.</subfield></datafield><datafield ind1=" " ind2=" " tag="530"><subfield code="a">Some issues published also on microfilm by Bell &amp; Howell.</subfield></datafield><datafield ind1=" " ind2=" " tag="530"><subfield code="a">Archived issues are available in digital format as part of the Library of Congress Chronicling America online collection.</subfield></datafield><datafield ind1=" " ind2=" " tag="580"><subfield code="a">Weekly ed.: Lancaster intelligencer (Lancaster, Pa. : 1847).</subfield></datafield><datafield ind1=" " ind2="0" tag="651"><subfield code="a">Lancaster (Pa.)</subfield><subfield code="v">Newspapers.</subfield></datafield><datafield ind1=" " ind2="7" tag="655"><subfield code="a">Newspapers.</subfield><subfield code="2">rbgenr</subfield></datafield><datafield ind1=" " ind2="7" tag="655"><subfield code="a">Newspapers.</subfield><subfield code="2">fast</subfield><subfield code="0">(OCoLC)fst01423814</subfield></datafield><datafield ind1=" " ind2="7" tag="651"><subfield code="a">Pennsylvania</subfield><subfield code="z">Lancaster.</subfield><subfield code="2">fast</subfield><subfield code="0">(OCoLC)fst01206374</subfield></datafield><datafield ind1=" " ind2=" " tag="752"><subfield code="a">United States</subfield><subfield code="b">Pennsylvania</subfield><subfield code="c">Lancaster</subfield><subfield code="d">Lancaster.</subfield></datafield><datafield ind1="1" ind2=" " tag="775"><subfield code="t">Lancaster intelligencer (Lancaster, Pa. : 1847)</subfield><subfield code="w">(DLC)sn 83032304</subfield><subfield code="w">(OCoLC)10251318</subfield></datafield><datafield ind1="0" ind2="7" tag="785"><subfield code="t">News-journal (Lancaster, Pa.)</subfield><subfield code="w">(DLC)sn 87078011</subfield><subfield code="w">(OCoLC)14238033</subfield></datafield><datafield ind1="0" ind2="7" tag="785"><subfield code="t">Lancaster intelligencer. News journal</subfield><subfield code="w">(DLC)sn 87078001</subfield><subfield code="w">(OCoLC)14238614</subfield></datafield><datafield ind1="4" ind2="1" tag="856"><subfield code="u">http://www.loc.gov/chroniclingamerica/lccn/sn83032300/issues</subfield></datafield></record>